@book{trevor2009elements,
  title={The elements of statistical learning: data mining, inference, and prediction},
  author={Trevor J.. Hastie and Tibshirani, Robert John and Friedman, Jerome H},
  year={2009},
  publisher={Springer}
}

@misc{rivlin1973algorithms,
  title={Algorithms for Minimization without Derivatives},
  author={Rivlin, Theodore J and Brent, Richard P},
  year={1973},
  publisher={JSTOR}
}

@article{Altinkaya2013,
author = {Altinkaya, Mehmet and Zontul, Metin},
journal = {International Journal of Recent Technology and Engineering (IJRTE)},
number = {4},
pages = {164--169},
title = {{Urban bus arrival time prediction: A review of computational models}},
volume = {2},
year = {2013}
}

@article{Maciver2002,
author = {Maciver, Andrew},
number = {September},
title = {{Algorithms for Estimating Bus Arrival Times Using GPS Data}},
year = {2002}
}

@article{lin1999experimental,
  title={Experimental study of real-time bus arrival time prediction with GPS data},
  author={Lin, Wei-Hua and Zeng, Jian},
  journal={Transportation Research Record: Journal of the Transportation Research Board},
  number={1666},
  pages={101--109},
  year={1999},
  publisher={Transportation Research Board of the National Academies}
}

@article{kalman1960new,
  title={A new approach to linear filtering and prediction problems},
  author={Kalman, Rudolph Emil},
  journal={Journal of basic Engineering},
  volume={82},
  number={1},
  pages={35--45},
  year={1960},
  publisher={American Society of Mechanical Engineers}
}

@inproceedings{wall1999algorithm,
  title={An algorithm for predicting the arrival time of mass transit vehicles using automatic vehicle location data},
  author={Wall, Zachary and Dailey, DJ},
  booktitle={in 78th Annual Meeting of the Transportation Research Board, National Research Council, Washington DC},
  year={1999},
  organization={Citeseer}
}

@article{cathey2003prescription,
  title={A prescription for transit arrival/departure prediction using automatic vehicle location data},
  author={Cathey, FW and Dailey, DJ},
  journal={Transportation Research Part C: Emerging Technologies},
  volume={11},
  number={3},
  pages={241--264},
  year={2003},
  publisher={Elsevier}
}

@article{shalaby2004prediction,
  title={Prediction model of bus arrival and departure times using AVL and APC data},
  author={Shalaby, Amer and Farhan, Ali},
  journal={Journal of Public Transportation},
  volume={7},
  number={1},
  pages={3},
  year={2004}
}

@inproceedings{yang2005travel,
  title={Travel time prediction using the GPS test vehicle and Kalman filtering techniques},
  author={Yang, Jiann-Shiou},
  booktitle={American Control Conference, 2005. Proceedings of the 2005},
  pages={2128--2133},
  year={2005},
  organization={IEEE}
}

@article{Chen2004,
author = {Chen, Mei and Liu, Xiaobo and Xia, Jingxin and Chien, Steven I.},
doi = {10.1111/j.1467-8667.2004.00363.x},
file = {:home/nikita/.local/share/data/Mendeley Ltd./Mendeley Desktop/Downloaded/Chen et al. - 2004 - A Dynamic Bus-Arrival Time Prediction Model Based on APC Data.pdf:pdf},
issn = {1093-9687},
journal = {Computer-Aided Civil and Infrastructure Engineering},
mendeley-groups = {Delay},
number = {5},
pages = {364--376},
title = {{A Dynamic Bus-Arrival Time Prediction Model Based on APC Data}},
url = {http://doi.wiley.com/10.1111/j.1467-8667.2004.00363.x},
volume = {19},
year = {2004}
}

@inproceedings{tiesyte2008similarity,
  title={Similarity-based prediction of travel times for vehicles traveling on known routes},
  author={Tiesyte, Dalia and Jensen, Christian S},
  booktitle={Proceedings of the 16th ACM SIGSPATIAL international conference on Advances in geographic information systems},
  pages={14},
  year={2008},
  organization={ACM}
}

@misc{baker2014predicting,
  title={Predicting bus arrival using One Bus Away real-time data},
  author={Baker, CB and Nied, Alexander C},
  year={2014}
}
